<record><leader>00000cas a2200000 a 4500</leader><controlfield tag="001">12533034</controlfield><controlfield tag="008">850910d18891890ksuwr ne      0    0eng d</controlfield><datafield ind1=" " ind2=" " tag="010"><subfield code="a">sn 85032665 </subfield></datafield><datafield ind1=" " ind2=" " tag="040"><subfield code="a">KSH</subfield><subfield code="b">eng</subfield><subfield code="c">KSH</subfield><subfield code="d">NPT</subfield><subfield code="d">OCL</subfield><subfield code="d">OCLCQ</subfield></datafield><datafield ind1=" " ind2=" " tag="042"><subfield code="a">msc</subfield></datafield><datafield ind1="0" ind2="4" tag="245"><subfield code="a">The Salina weekly herald.</subfield></datafield><datafield ind1="1" ind2="7" tag="246"><subfield code="a">Salina herald</subfield></datafield><datafield ind1=" " ind2=" " tag="260"><subfield code="a">Salina, Kan. :</subfield><subfield code="b">N.D. Tobey,</subfield><subfield code="c">1889-1890.</subfield></datafield><datafield ind1=" " ind2=" " tag="300"><subfield code="a">1 v. ;</subfield><subfield code="c">65 cm.</subfield></datafield><datafield ind1=" " ind2=" " tag="310"><subfield code="a">Weekly</subfield></datafield><datafield ind1="0" ind2=" " tag="362"><subfield code="a">Vol. 23, no. 8 (Apr. 20, 1889)-v. 24, no. 33 (Oct. 10, 1890).</subfield></datafield><datafield ind1=" " ind2=" " tag="500"><subfield code="a">Published by Harry C. Toby, Mar. 2-Oct. 10, 1890.</subfield></datafield><datafield ind1=" " ind2=" " tag="500"><subfield code="a">"Democratic."</subfield></datafield><datafield ind1=" " ind2=" " tag="752"><subfield code="a">United States</subfield><subfield code="b">Kansas</subfield><subfield code="c">Saline</subfield><subfield code="d">Salina.</subfield></datafield><datafield ind1="0" ind2="0" tag="780"><subfield code="t">Salina herald (Salina, Kan. : 1867)</subfield><subfield code="w">(DLC)sn 85032664</subfield></datafield><datafield ind1="0" ind2="0" tag="785"><subfield code="t">Salina herald (Salina, Kan. : 1890)</subfield><subfield code="w">(DLC)sn 85032666</subfield></datafield><datafield ind1="1" ind2=" " tag="029"><subfield code="a">AU@</subfield><subfield code="b">000022166703</subfield></datafield></record>